../jasa-latex-template-v2019/sampbib.bib